@Article{Delmas2019,
  author    = {Delmas, Eva and Besson, Mathilde and Brice, Marie-H{\'e}l{\`e}ne and Burkle, Laura A and Dalla Riva, Giulio V and Fortin, Marie-Jos{\'e}e and Gravel, Dominique and Guimar{\~a}es Jr, Paulo R and Hembry, David H and Newman, Erica A and others},
  journal   = {Biological Reviews},
  title     = {Analysing ecological networks of species interactions},
  year      = {2019},
  number    = {1},
  pages     = {16--36},
  volume    = {94},
  publisher = {Wiley Online Library},
}

@Article{Poisot2014,
  author    = {Poisot, Timoth{\'e}e and Gravel, Dominique},
  journal   = {PeerJ},
  title     = {When is an ecological network complex? Connectance drives degree distribution and emerging network properties},
  year      = {2014},
  pages     = {e251},
  volume    = {2},
  publisher = {PeerJ Inc.},
}

@Article{Olesen2011,
  author    = {Olesen, Jens M and Stefanescu, Constant{\'\i} and Traveset, Anna},
  journal   = {PloS one},
  title     = {Strong, long-term temporal dynamics of an ecological network},
  year      = {2011},
  number    = {11},
  pages     = {e26455},
  volume    = {6},
  publisher = {Public Library of Science San Francisco, USA},
}

@Article{Windsor2023,
  author    = {Windsor, Fredric M and van den Hoogen, Johan and Crowther, Thomas W and Evans, Darren M},
  journal   = {Journal of Biogeography},
  title     = {Using ecological networks to answer questions in global biogeography and ecology},
  year      = {2023},
  number    = {1},
  pages     = {57--69},
  volume    = {50},
  publisher = {Wiley Online Library},
}

@Article{Lau2017,
  author    = {Lau, Matthew K and Borrett, Stuart R and Baiser, Benjamin and Gotelli, Nicholas J and Ellison, Aaron M},
  journal   = {Ecosphere},
  title     = {Ecological network metrics: opportunities for synthesis},
  year      = {2017},
  number    = {8},
  pages     = {e01900},
  volume    = {8},
  publisher = {Wiley Online Library},
}

@Article{Landi2018,
  author    = {Landi, Pietro and Minoarivelo, Henintsoa O and Br{\"a}nnstr{\"o}m, {\AA}ke and Hui, Cang and Dieckmann, Ulf},
  journal   = {Population Ecology},
  title     = {Complexity and stability of ecological networks: a review of the theory},
  year      = {2018},
  pages     = {319--345},
  volume    = {60},
  publisher = {Springer},
}

@Comment{jabref-meta: databaseType:bibtex;}
